@article{slink,
   author = {Sibson, R.},
   title = {SLINK: An optimally efficient algorithm for the single-link cluster method},
   journal = {The Computer Journal},
   volume = {16},
   number = {1},
   pages = {30-34},
   ISSN = {0010-4620},
   DOI = {10.1093/comjnl/16.1.30},
   url = {https://doi.org/10.1093/comjnl/16.1.30},
   year = {1973},
   type = {Journal Article}
}

